@inbook{Dey2022,
	address = {Singapore},
	author = {Dey, Pranab},
	booktitle = {Basic and Advanced Laboratory Techniques in Histopathology and Cytology},
	doi = {10.1007/978-981-19-6616-3_8},
	isbn = {978-981-19-6616-3},
	pages = {71--82},
	publisher = {Springer Nature Singapore},
	title = {Haematoxylin and Eosin Stain of the Tissue Section},
	url = {https://doi.org/10.1007/978-981-19-6616-3_8},
	year = {2022},
	bdsk-url-1 = {https://doi.org/10.1007/978-981-19-6616-3_8}
}

@article{Bray2024,
  author    = {Freddie Bray and Mathieu Laversanne and Hyuna Sung and Jacques Ferlay and Rebecca L. Siegel and Isabelle Soerjomataram and Ahmedin Jemal},
  title     = {Global Cancer Statistics 2022: {GLOBOCAN} Estimates of Incidence and Mortality Worldwide for 36 Cancers in 185 Countries},
  journal   = {CA: A Cancer Journal for Clinicians},
  year      = {2024},
  volume    = {74},
  number    = {3},
  pages     = {229--263},
  doi       = {10.3322/caac.21834},
  url       = {https://acsjournals.onlinelibrary.wiley.com/doi/10.3322/caac.21834}
}

@article{Perou2000,
  author    = {Perou, Charles M. and Sørlie, Therese and Eisen, Michael B. and van de Rijn, Michael and Jeffrey, Stefanie S. and Rees, Christopher A. and Pollack, Jonathan R. and Ross, David T. and Johnsen, Hilde and Akslen, Lars A. and Fluge, Øystein and Pergamenschikov, Alexei and Williams, Colin and Zhu, Shirley X. and Lønning, Per E. and Børresen-Dale, Anne-Lise and Brown, Patrick O. and Botstein, David},
  title     = {Molecular portraits of human breast tumours},
  journal   = {Nature},
  year      = {2000},
  volume    = {406},
  number    = {6797},
  pages     = {747--752},
  doi       = {10.1038/35021093},
  url       = {https://pubmed.ncbi.nlm.nih.gov/10963602/}
}

@article{Zhang2024,
  author    = {Zhang, Wei and Li, Xiaoyan and Chen, Jie and Wang, Qian and Liu, Hong},
  title     = {Clinicopathological characteristics, treatment patterns and outcomes in HER2-positive breast cancer associated with hormone receptor status},
  journal   = {BMC Cancer},
  year      = {2024},
  volume    = {24},
  number    = {1},
  pages     = {197},
  doi       = {10.1186/s12885-024-12974-4},
  url       = {https://bmccancer.biomedcentral.com/articles/10.1186/s12885-024-12974-4}
}

@article{Schalper2022,
  author    = {Schalper, Kurt A. and Kumar, Sandeep and Wei, Liang and Chen, Yanhong and Zhu, Yanyan and McLaughlin, John and Girard, Nicolas and Herbst, Roy S.},
  title     = {Influence of HER2 Expression on Prognosis in Metastatic Triple-Negative Breast Cancer},
  journal   = {ESMO Open},
  year      = {2022},
  volume    = {7},
  number    = {6},
  pages     = {100381},
  doi       = {10.1016/j.esmoop.2022.100381},
  url       = {https://www.esmoopen.com/article/S2059-7029(22)00381-7/fulltext}
}

@article{Siegel2023,
  author    = {Siegel, Rebecca L. and Miller, Kimberly D. and Wagle, Narges S. and Jemal, Ahmedin},
  title     = {Cancer Statistics, 2023},
  journal   = {CA: A Cancer Journal for Clinicians},
  year      = {2023},
  volume    = {73},
  number    = {1},
  pages     = {17--48},
  doi       = {10.3322/caac.21763},
  url       = {https://acsjournals.onlinelibrary.wiley.com/doi/10.3322/caac.21763}
}



@article{Salgado2015,
	author = {R. Salgado and C. Denkert and S. Demaria and N. Sirtaine and F. Klauschen and G. Pruneri and S. Wienert and G. {Van den Eynden} and F.L. Baehner and F. Penault-Llorca and E.A. Perez and E.A. Thompson and W.F. Symmans and A.L. Richardson and J. Brock and C. Criscitiello and H. Bailey and M. Ignatiadis and G. Floris and J. Sparano and Z. Kos and T. Nielsen and D.L. Rimm and K.H. Allison and J.S. Reis-Filho and S. Loibl and C. Sotiriou and G. Viale and S. Badve and S. Adams and K. Willard-Gallo and S. Loi},
	doi = {https://doi.org/10.1093/annonc/mdu450},
	issn = {0923-7534},
	journal = {Annals of Oncology},
	keywords = {tumor-infiltrating lymphocytes (TILs), breast cancer (BC), prognosis, prediction, clinical validity},
	number = {2},
	pages = {259-271},
	title = {The evaluation of tumor-infiltrating lymphocytes (TILs) in breast cancer: recommendations by an International TILs Working Group 2014},
	url = {https://www.sciencedirect.com/science/article/pii/S0923753419313699},
	volume = {26},
	year = {2015},
	bdsk-url-1 = {https://www.sciencedirect.com/science/article/pii/S0923753419313699},
	bdsk-url-2 = {https://doi.org/10.1093/annonc/mdu450}
}


@inproceedings{Amgad2019,
  author    = {Mohamed Amgad and Anindya Sarkar and Chukka Srinivas and Rachel Redman and Simrath Ratra and Charles J. Bechert and Benjamin C. Calhoun and Karen Mrazeck and Uday Kurkure and Lee A. D. Cooper and Michael Barnes},
  title     = {Joint Region and Nucleus Segmentation for Characterization of Tumor Infiltrating Lymphocytes in Breast Cancer},
  booktitle = {Medical Imaging 2019: Digital Pathology},
  series    = {Proceedings of SPIE},
  volume    = {10956},
  pages     = {109560M},
  year      = {2019},
  doi       = {10.1117/12.2512892},
  url       = {https://pmc.ncbi.nlm.nih.gov/articles/PMC6988758/}
}


@article{Denkert2018,
	author = {Carsten Denkert and Gunter {von Minckwitz} and Silvia Darb-Esfahani and Bianca Lederer and Barbara I Heppner and Karsten E Weber and Jan Budczies and Jens Huober and Frederick Klauschen and Jenny Furlanetto and Wolfgang D Schmitt and Jens-Uwe Blohmer and Thomas Karn and Berit M Pfitzner and Sherko K{\"u}mmel and Knut Engels and Andreas Schneeweiss and Arndt Hartmann and Aurelia Noske and Peter A Fasching and Christian Jackisch and Marion {van Mackelenbergh} and Peter Sinn and Christian Schem and Claus Hanusch and Michael Untch and Sibylle Loibl},
	doi = {https://doi.org/10.1016/S1470-2045(17)30904-X},
	issn = {1470-2045},
	journal = {The Lancet Oncology},
	number = {1},
	pages = {40-50},
	title = {Tumour-infiltrating lymphocytes and prognosis in different subtypes of breast cancer: a pooled analysis of 3771 patients treated with neoadjuvant therapy},
	url = {https://www.sciencedirect.com/science/article/pii/S147020451730904X},
	volume = {19},
	year = {2018},
	bdsk-url-1 = {https://www.sciencedirect.com/science/article/pii/S147020451730904X},
	bdsk-url-2 = {https://doi.org/10.1016/S1470-2045(17)30904-X}}

